%% This BibTeX bibliography file was created using BibDesk.
%% http://bibdesk.sourceforge.net/


%% Created for Thomas Prei√üler at 2013-11-01 22:10:55 +0100 


%% Saved with string encoding Unicode (UTF-8) 



@article{mell2009,
	Author = {Peter Mell and Tim Grance},
	Date-Added = {2013-11-01 21:10:46 +0000},
	Date-Modified = {2013-11-01 21:10:46 +0000},
	Title = {{The NIST Definition of Cloud Computing}},
	Year = {2009}}

@article{brebner,
	Author = {Paul Brebner},
	Date-Added = {2013-11-01 18:12:56 +0000},
	Date-Modified = {2013-11-01 20:12:25 +0000},
	Journal = {ICPE'12},
	Title = {{Is your Cloud Elastic Enough? Performance Modeling the Elasticity of Infrastructure as a Service (IaaS) Cloud Applications}},
	Year = {2012}}

@article{walker2006,
	Author = {Ray Walker},
	Date-Added = {2013-10-20 21:43:58 +0000},
	Date-Modified = {2013-11-01 20:12:51 +0000},
	Journal = {Linux Journal},
	Title = {{Examining Load Average}},
	Year = {2006}}

@article{vaquero2009,
	Author = {Luis Vaquero and Luis Rodero-Merino and Juan Caceres and Maik Lindner},
	Date-Added = {2013-10-19 14:37:17 +0000},
	Date-Modified = {2013-11-01 20:13:06 +0000},
	Journal = {ACM SIGCOMM Computer Communication Review},
	Title = {{A Break in the Clouds: Towards a Cloud Definition}},
	Year = {2009}}
